
@book{follandRealAnalysisModern1999,
  title = {Real Analysis: Modern Techniques and Their Applications},
  shorttitle = {Real Analysis},
  author = {Folland, G. B.},
  year = {1999},
  series = {Pure and Applied Mathematics},
  edition = {2nd ed},
  publisher = {{Wiley}},
  address = {{New York}},
  isbn = {978-0-471-31716-6},
  lccn = {QA300 .F67 1999},
  keywords = {Functions of real variables,Mathematical analysis},
  note = {"A Wiley-Interscience publication."}
}

@book{roydenRealAnalysis2010,
  title = {Real Analysis},
  author = {Royden, H. L and Fitzpatrick, P. M},
  year = {2010},
  publisher = {{Prentice Hall}},
  address = {{Boston}},
  isbn = {978-0-13-143747-0},
  langid = {english},
  annotation = {OCLC: 758026762}
}

@book{taoIntroductionMeasureTheory2011,
  title = {An Introduction to Measure Theory},
  author = {Tao, Terence},
  year = {2011},
  series = {Graduate Studies in Mathematics},
  number = {v. 126},
  publisher = {{American Mathematical Society}},
  address = {{Providence, R.I}},
  isbn = {978-0-8218-6919-2},
  lccn = {QC20.7.M43 T36 2011},
  keywords = {Measure theory},
  annotation = {OCLC: ocn726150205}
}


